
 @article{LehreW12,
  author    = {Per Kristian Lehre and
               Carsten Witt},
  title     = {Black-Box Search by Unbiased Variation},
  journal   = {Algorithmica},
  volume    = {64},
  year      = {2012},
  pages     = {623--642},
  publisher = {Springer}
}

@article{ChicanoSWA13,
  author    = {J. Francisco Chicano and
               Andrew M. Sutton and
               L. Darrell Whitley and
               Enrique Alba},
  title     = {Fitness Probability Distribution of Bit-Flip Mutation},
  journal   = {CoRR},
  volume    = {abs/1309.2979},
  year      = {2013},
  ee        = {http://arxiv.org/abs/1309.2979},
  bibsource = {DBLP, http://dblp.uni-trier.de}
}

@article{Doerr10,
  author = "Benjamin Doerr - Daniel Johannsen - Carola Winzen",
  title = "Multiplicative Drift Analysis",
  journal = "Springer Science + Business Media",
  year = "2010"
}

@article{Jansen07,
  author = "Thomas Jansen",
  title = "On the Brittleness of Evolutionary Algorithms",
  journal = "Springer-Verlag Berlin Heidelberg",
  pages = "54-69",
  year = "2007"
}


@booklet{Johannsen10,
  author = "Daniel Johannsen",
  title = "Random Combinatorial Structures and Randomized Search Heuristics",
  year = "2010"
}

@booklet{Oliveto12,
  author = "P. S. Oliveto - Carsten Witt",
  title = "Erratum: Simplied Drift Analysis for Proving Lower Bounds in Evolutionary Computation",
  year = "2012"
}



@article{Witt13,
  author    = {Carsten Witt},
  title     = {Tight Bounds on the Optimization Time of a Randomized Search
               Heuristic on Linear Functions},
  journal   = {Combinatorics, Probability {\&} Computing},
  volume    = {22},
  optnumber    = {2},
  year      = {2013},
  pages     = {294-318},
  ee        = {http://dx.doi.org/10.1017/S0963548312000600},
  bibsource = {DBLP, http://dblp.uni-trier.de}
}


@article{DrosteJW02,
  author      = {Stefan Droste and Thomas Jansen and Ingo Wegener},
  title       = {On the analysis of the (1+1) evolutionary algorithm},
  journal     = {Theor. Comput. Sci.},
  volume      = {276},
  pages       = {51--81},
  year        = {2002}
}


@book{NeumannW10,
  author = {Frank Neumann and Carsten Witt},
  title = {Bioinspired Computation in Combinatorial Optimization},
  publisher = {Springer},
  year = {2010}
}
